
@article{BlightBureaucracy1955,
  title = {The {{Blight}} of {{Bureaucracy}}},
  year = {1955},
  month = sep,
  file = {/home/ruben/Zotero/storage/DEED6URR/THE_BLIGHT_OF_BUREAUCRACY.pdf}
}

@article{BoomBureaucracyPdf1973,
  title = {Boom\_for\_bureaucracy.Pdf},
  year = {1973},
  month = sep,
  file = {/home/ruben/Zotero/storage/3YDDATHU/Boom_for_bureaucracy.pdf}
}

@article{BureaucraciesAreBleeding1976,
  title = {Bureaucracies Are Bleeding {{Britain}}, {{Mr Grimond}} Says},
  year = {1976},
  month = feb,
  pages = {2},
  omit_issn = {0140-0460},
  journal = {The Times},
  keywords = {Local government,Social services},
  language = {English},
  number = {59618}
}

@article{BureaucracyFreedom1959,
  title = {Bureaucracy {{Or Freedom}}?},
  year = {1959},
  month = sep,
  pages = {9},
  omit_issn = {0140-0460},
  journal = {The Times},
  language = {English},
  number = {54562}
}

@article{cairncrossHippopotamusSpending1976,
  title = {The Hippopotamus and Spending},
  author = {Cairncross, Frances},
  year = {1976},
  month = jun,
  pages = {12},
  publisher = {{Guardian News \& Media Limited}},
  address = {{London (UK), United Kingdom}},
  omit_issn = {02613077},
  copyright = {Copyright Guardian Newspapers Limited Jun 12, 1976},
  file = {/home/ruben/Zotero/storage/V2W445DN/Cairncross - 1976 - The hippopotamus and spending.pdf},
  journal = {The Guardian (1959-2003)},
  keywords = {General Interest Periodicals--Great Britain,Literary And Political Reviews},
  language = {English}
}

@article{ConservativeAgenda1978,
  title = {The {{Conservative Agenda}}},
  year = {1978},
  month = apr,
  pages = {15},
  omit_issn = {0140-0460},
  journal = {The Times},
  language = {English},
  number = {60272}
}

@article{DefendingOrdinaryMan1956,
  title = {Defending the {{Ordinary Man}} against {{Bureaucrats}}: {{MPs}} Suggest Some Remedies},
  shorttitle = {{{DEFENDING THE ORDINARY MAN AGAINST THE BUREAUCRAT}}},
  year = {1956},
  month = jun,
  pages = {2},
  publisher = {{Guardian News \& Media Limited}},
  address = {{Manchester (UK), United Kingdom}},
  copyright = {Copyright Guardian Newspapers Limited Jun 9, 1956},
  file = {/home/ruben/Zotero/storage/CYM29AF9/1956 - DEFENDING THE ORDINARY MAN AGAINST THE BUREAUCRAT.pdf},
  journal = {The Manchester Guardian (1901-1959)},
  language = {English}
}

@article{DemocracyFightWhitehall1977,
  title = {'{{Democracy}}'s Fight against {{Whitehall}} Mandarins'},
  year = {1977},
  month = sep,
  pages = {4},
  publisher = {{Guardian News \& Media Limited}},
  address = {{London (UK), United Kingdom}},
  omit_issn = {02613077},
  copyright = {Copyright Guardian Newspapers Limited Sep 16, 1977},
  file = {/home/ruben/Zotero/storage/QYHYW7HV/1977 - 'Democracy's fight against Whitehall mandarins'.pdf},
  journal = {The Guardian (1959-2003)},
  keywords = {General Interest Periodicals--Great Britain,Literary And Political Reviews},
  language = {English}
}

@article{fromourspecialcorrespondentsMrGaitskellSets1959,
  title = {Mr. {{Gaitskell Sets Out First Principles}}},
  author = {{From Our Special Correspondents}},
  year = {1959},
  month = nov,
  pages = {15-},
  omit_issn = {0140-0460},
  journal = {The Times},
  keywords = {Bevan; Aneurin,Castle; Barbara,Political parties},
  language = {English},
  number = {54631}
}

@article{hennessyMagnificentPiecePowerful1976,
  title = {A Magnificent Piece of Powerful Bureaucratic Machinery},
  author = {Hennessy, Peter},
  year = {1976},
  month = mar,
  pages = {10},
  omit_issn = {0140-0460},
  journal = {The Times},
  keywords = {Machinery},
  language = {English},
  number = {59647}
}

@article{HowWillState1979,
  title = {How Will the State Cope with the Eighties ?},
  year = {1979},
  month = mar,
  pages = {15},
  publisher = {{Guardian News \& Media Limited}},
  address = {{London (UK), United Kingdom}},
  omit_issn = {02613077},
  copyright = {Copyright Guardian Newspapers Limited Mar 19, 1979},
  file = {/home/ruben/Zotero/storage/EXRWE8KQ/1979 - How will the state cope with the eighties .pdf},
  journal = {The Guardian (1959-2003)},
  keywords = {General Interest Periodicals--Great Britain,Literary And Political Reviews},
  language = {English}
}

@article{jenkinsDiagnosingEnglishSickness1975,
  title = {Diagnosing the {{English}} Sickness:~{{PETER JENKINS}} Talks to the {{West German Chancellor}} about {{Britain}}'s Economic Crisis},
  shorttitle = {Diagnosing the {{English}} Sickness},
  author = {Jenkins, Peter},
  year = {1975},
  month = sep,
  pages = {13},
  publisher = {{Guardian News \& Media Limited}},
  address = {{London (UK), United Kingdom}},
  omit_issn = {02613077},
  copyright = {Copyright Guardian Newspapers Limited Sep 30, 1975},
  file = {/home/ruben/Zotero/storage/4HAEKFAN/Jenkins - 1975 - Diagnosing the English sicknessÂ PETER JENKINS tal.pdf},
  journal = {The Guardian (1959-2003)},
  keywords = {General Interest Periodicals--Great Britain,Literary And Political Reviews},
  language = {English}
}

@article{jenkinsMomentPaulJohnson1978,
  title = {For the Moment {{Paul Johnson}} Is the Patron Saint of the {{Tory}} Faithful: {{St Paul}} the {{Apostate}}},
  shorttitle = {For the Moment {{Paul Johnson}} Is the Patron Saint of the {{Tory}} Faithful},
  author = {Jenkins, Peter},
  year = {1978},
  month = oct,
  pages = {11},
  publisher = {{Guardian News \& Media Limited}},
  address = {{London (UK), United Kingdom}},
  omit_issn = {02613077},
  copyright = {Copyright Guardian Newspapers Limited Oct 13, 1978},
  file = {/home/ruben/Zotero/storage/GRHHD99R/Jenkins - 1978 - For the moment Paul Johnson is the patron saint of.pdf},
  journal = {The Guardian (1959-2003)},
  keywords = {General Interest Periodicals--Great Britain,Literary And Political Reviews},
  language = {English}
}

@article{jenkinsNewPatterns1976,
  title = {The New Patterns},
  author = {Jenkins, Peter},
  year = {1976},
  month = sep,
  pages = {10},
  publisher = {{Guardian News \& Media Limited}},
  address = {{London (UK), United Kingdom}},
  omit_issn = {02613077},
  copyright = {Copyright Guardian Newspapers Limited Sep 2, 1976},
  file = {/home/ruben/Zotero/storage/TXD2L6B7/Jenkins - 1976 - The new patterns.pdf},
  journal = {The Guardian (1959-2003)},
  keywords = {General Interest Periodicals--Great Britain,Literary And Political Reviews},
  language = {English}
}

@article{jenkinsSpendingPolitics1976,
  title = {Spending Politics},
  author = {Jenkins, Peter},
  year = {1976},
  month = feb,
  pages = {12},
  publisher = {{Guardian News \& Media Limited}},
  address = {{London (UK), United Kingdom}},
  omit_issn = {02613077},
  copyright = {Copyright Guardian Newspapers Limited Feb 18, 1976},
  file = {/home/ruben/Zotero/storage/KNMSHUM3/Jenkins - 1976 - Spending politics.pdf},
  journal = {The Guardian (1959-2003)},
  keywords = {General Interest Periodicals--Great Britain,Literary And Political Reviews},
  language = {English}
}

@article{kennethConservativeViewFuture1976,
  title = {Conservative View of the Future},
  author = {Kenneth, Younger},
  year = {1976},
  month = feb,
  pages = {13},
  omit_issn = {0140-0460},
  journal = {The Times},
  language = {English},
  number = {59623}
}

@article{norton-taylorDoingQuangoLaw1978,
  title = {Doing the Quango with the Law},
  author = {{Norton-Taylor}, Richard},
  year = {1978},
  month = may,
  pages = {2},
  publisher = {{Guardian News \& Media Limited}},
  address = {{London (UK), United Kingdom}},
  omit_issn = {02613077},
  copyright = {Copyright Guardian Newspapers Limited May 27, 1978},
  file = {/home/ruben/Zotero/storage/G3ZCJXI7/Norton-Taylor - 1978 - Doing the quango with the law.pdf},
  journal = {The Guardian (1959-2003)},
  keywords = {General Interest Periodicals--Great Britain,Literary And Political Reviews},
  language = {English}
}

@article{toynbeeStateState1975,
  title = {A {{State}} within the {{State}}},
  author = {Toynbee, Arnold},
  year = {1975},
  month = oct,
  pages = {13},
  publisher = {{Guardian News \& Media Limited}},
  address = {{London (UK), United Kingdom}},
  omit_issn = {00297712},
  copyright = {Copyright Guardian Newspapers Limited Oct 26, 1975},
  file = {/home/ruben/Zotero/storage/HQM3VP3F/Toynbee - 1975 - A State within the State.pdf},
  journal = {The Observer (1901- 2003)},
  keywords = {General Interest Periodicals--Great Britain},
  language = {English}
}

@article{WhitehallMenWho1978,
  title = {Whitehall Men Who Prefer the Cloak of Secrecy},
  year = {1978},
  month = jun,
  pages = {15},
  publisher = {{Guardian News \& Media Limited}},
  address = {{London (UK), United Kingdom}},
  omit_issn = {02613077},
  copyright = {Copyright Guardian Newspapers Limited Jun 20, 1978},
  file = {/home/ruben/Zotero/storage/RT3ZTCKM/1978 - Whitehall men who prefer the cloak of secrecy.pdf},
  journal = {The Guardian (1959-2003)},
  keywords = {General Interest Periodicals--Great Britain,Literary And Political Reviews},
  language = {English}
}

@article{WhyYouShould1977,
  title = {Why {{You Should Vote Tory}}},
  year = {1977},
  month = oct,
  pages = {23A},
  publisher = {{Guardian News \& Media Limited}},
  address = {{London (UK), United Kingdom}},
  omit_issn = {00297712},
  copyright = {Copyright Guardian Newspapers Limited Oct 9, 1977},
  file = {/home/ruben/Zotero/storage/KSX75BY9/1977 - Why You Should Vote Tory.pdf},
  journal = {The Observer (1901- 2003)},
  keywords = {General Interest Periodicals--Great Britain},
  language = {English}
}

@article{WilsonTypeBureaucracy1964,
  title = {'{{Wilson}} Type Bureaucracy' Denounced'},
  year = {1964},
  month = jul,
  file = {/home/ruben/Zotero/storage/8TUJTMRH/'Wilson_type_bureaucracy'_deno.pdf}
}

@article{YouPaysYour1979,
  title = {You Pays Your Money, Who Makes Your Choice?},
  year = {1979},
  month = aug,
  pages = {14},
  publisher = {{Guardian News \& Media Limited}},
  address = {{London (UK), United Kingdom}},
  omit_issn = {02613077},
  copyright = {Copyright Guardian Newspapers Limited Aug 6, 1979},
  file = {/home/ruben/Zotero/storage/3PJ3CY8J/1979 - You pays your money, who makes your choice.pdf},
  journal = {The Guardian (1959-2003)},
  keywords = {General Interest Periodicals--Great Britain,Literary And Political Reviews},
  language = {English}
}


